@online{ctypes,
  title={ctypes — A foreign function library for Python — Python 3.9.5 documentation},
  year={2021},
  medium={Электронный ресурс},
  url = {https://docs.python.org/3/library/ctypes.html},
  urldate = {10.06.2021},
  language = {english}
}

@article{Fornberg1988GenerationOF,
  title={Generation of finite difference formulas on arbitrarily spaced grids},
  author={B. Fornberg},
  journal={Mathematics of Computation},
  year={1988},
  volume={51},
  pages={699-706},
  language={english}
}

@article{localNerds1,
  title={Магнитные свойства в пластически деформированном никель-титановом сплаве},
  author={Носков, Ф.М. and Нявро, А.В. and Черепанов, В.Н. and Дроздова, А.К. and Квеглис, Л.И.},
  journal={Вестник СибГАУ},
  year={2017},
  volume={18},
  pages={211-218},
  language={russian}
}

@article{localNerds2,
  title={Влияние охлаждения на возникновение намагниченности в никелиде титана},
  author={Достовалов, А.В. and Носков, Ф.М. and Жигалов, В.С. and Нявро, А.В.},
  journal={Известия Алтайского государственного университета},
  year={2019},
  volume={13},
  pages={22-31},
  language={russian}
}

@article{SUNDARESAN200996,
  title = {Ferromagnetism as a universal feature of inorganic nanoparticles},
  journal = {Nano Today},
  volume = {4},
  number = {1},
  pages = {96-106},
  year = {2009},
  issn = {1748-0132},
  doi = {https://doi.org/10.1016/j.nantod.2008.10.002},
  url = {https://www.sciencedirect.com/science/article/pii/S1748013208000054},
  author = {A. Sundaresan and C.N.R. Rao},
  keywords = {Nanoparticles, Ferromagnetism, Defects, Nonmagnetic},
  abstract = {Summary
  Room-temperature ferromagnetism is exhibited by nanoparticles of a variety of inorganic materials although they are intrinsically non-magnetic. Typical of such nanomaterials are the oxides, CeO2, TiO2, Al2O3, and MgO. Nanoparticles of nitrides such as GaN and chalcogenides such as CdS and CdSe also exhibit ferromagnetism. Ferromagnetism of the nanoparticles is confined to the surface. This phenomenon has been utilized to render the classic ferroelectric BaTiO3 to be multiferroic wherein surface ferromagnetism coexists with bulk ferroelectricity. Interestingly, nanoparticles of superconducting YBa2Cu3O7 show surface ferromagnetism. It is possible that surface ferromagnetism of inorganic nanoparticles can be usefully exploited.},
  language={english}
}

@Article{Venkatesan2004,
  author={Venkatesan, M.
  and Fitzgerald, C. B.
  and Coey, J. M. D.},
  title={Unexpected magnetism in a dielectric oxide},
  journal={Nature},
  year={2004},
  volume={430},
  number={7000},
  pages={630-630},
  abstract={It is generally accepted that magnetic order in an insulator requires the cation to have partially filled shells of d or f electrons. Here we show that thin films of hafnium dioxide (HfO2), an insulating oxide better known as a dielectric layer for nanoscale electronic devices, can be ferromagnetic even without doping. This discovery challenges our understanding of magnetism in insulators, because neither Hf4+ nor O2− are magnetic ions and the d and f shells of the Hf4+ ion are either empty or full.},
  issn={1476-4687},
  doi={10.1038/430630a},
  url={https://doi.org/10.1038/430630a},
  language={english}
}

@book{numerov,
        author={Hairer,Ernst and Norsett,Syvert P. and Wanner,Gerhard},
        year={1993},
        title={Solving Ordinary Differential Equations I. Nonstiff Problems},
        publisher={Springer},
        address={Berlin},
        edition={2nd rev. ed. 1993. Corr. 3rd printing},
        note={ID: unige:12346},
        abstract={This book deals with methods for solving nonstiff ordinary differential equations. The first chapter describes the historical development of the classical theory, and the second chapter includes a modern treatment of Runge-Kutta and extrapolation methods. Chapter three begins with the classical theory of multistep methods, and concludes with the theory of general linear methods. The reader will benefit from many illustrations, a historical and didactic approach, and computer programs which help him/her learn to solve all kinds of ordinary differential equations. This new edition has been rewritten and new material has been included.},
        isbn={978-3-540-56670-0},
        language={eng},
        url={https://archive-ouverte.unige.ch/unige:12346},
}

@book{nyavro,
        author={Нявро, А.В.},
        year={2013},
        title={Эволюция электронных состояний: атом – молекула – кластер – кристалл},
        publisher={Издательский Дом Томского государственного университета},
        address={Томск},
        language={rus}
}

@online{numerov-short,
  title={Numerov Method — PyCav 1.0.0b3+20.g707483f.dirty documentation},
  year={2016},
  medium={Электронный ресурс},
  url = {https://pycav.readthedocs.io/en/latest/api/quantum/numerov.html},
  urldate = {10.06.2021},
  language = {english}
}

@online{rk-scipy,
  title={scipy.integrate.solve\_ivp — SciPy v1.6.3 Reference Guide},
  year={2021},
  medium={Электронный ресурс},
  url = {https://docs.scipy.org/doc/scipy/reference/generated/scipy.integrate.solve_ivp.html},
  urldate = {10.06.2021},
  language = {english}
}

@online{rk-gsl,
  title={Ordinary Differential Equations — GSL 2.7 documentation},
  year={2021},
  medium={Электронный ресурс},
  url = {https://www.gnu.org/software/gsl/doc/html/ode-initval.html},
  urldate = {10.06.2021},
  language = {english}
}

@article{sw-method,
author = {Johnson, Keith},
year = {1973},
month = {12},
pages = {},
title = {Scattered-Wave Theory of the Chemical Bond},
volume = {7},
isbn = {9780120348077},
journal = {Advances in Quantum Chemistry},
doi = {10.1016/S0065-3276(08)60561-4},
language={english}
}

@INBOOK{afw-method,
  author       = {Маттис, Л. and Вуд, Дж. and Свитендик, А.},
  title        = {Расчет электронных энергетических зон с помощью симметризованных присоединенных плоских волн},
  booktitle    = {Вычислительные методы теории твердого тела},
  chapter      = {4},
  pages        = {75-163},
  publisher    = {Мир},
  year         = {1975},
  address      = {Москва},
  language     = {russian}
}
